@MISC{pypl,
  author = {Carbonelle, Pierre},
  title = {PYPL PopularitY of Programming Language index},
  url = {https://pypl.github.io/PYPL.html},
  year = {2021},
  organization = {Github.io}
}

@misc{redmonk,
    title={The RedMonk Programming Language Rankings: January 2021},
    url={https://redmonk.com/sogrady/2021/03/01/language-rankings-1-21/},
    journal={tecosystems},
    author={O'Grady, Stephen},
    year={2021},
    month={Mar}}

@misc{opensource,
author = {Benson, Deepu},
title = {10 most popular programming languages - Open Source For You},
howpublished = {\url{https://www.opensourceforu.com/2017/03/most-popular-programming-languages/}},
month = {Mar},
year = {2017},
note = {(Accessed on 03/09/2021)}
}

@misc{ieee-spectrum,
author = {Diakopoulous, N. and Bagavandas, M. and Singh, G. and Kulkarni, P.},
title = {Interactive: The Top Programming Languages 2020 - IEEE Spectrum},
howpublished = {\url{https://spectrum.ieee.org/static/interactive-the-top-programming-languages-2020}},
month = {Aug},
year = {2020},
note = {(Accessed on 03/09/2021)}
}

@misc{tiobe,
author = {Jansen, P.},
title = {index | TIOBE - The Software Quality Company},
howpublished = {\url{https://www.tiobe.com/tiobe-index/?20210304%20%20%20%20%20%20}},
month = {Mar},
year = {2021},
note = {(Accessed on 03/09/2021)}
}

@misc{whatispython,
author = {Python},
title = {What is Python? Executive Summary | Python.org},
howpublished = {\url{https://www.python.org/doc/essays/blurb/}},
month = {Mar},
year = {2021},
note = {(Accessed on 03/10/2021)}
}
